\Sort{
  Mode{on}
  Collation{mixed}
  SortTypeOrder{pattern,key,name}
  NameOrder{ascending}
  Key{{author,editor},\year{year,note}}
  KeyOrder{descending,nulls first}
  Pattern{author+editor: "doron"}
  PatternOrder{first}
}
\S

@manual{man,
   author="Michael Kerrisk",
   title="The Linux man-pages project",
   url="https://www.kernel.org/doc/man-pages/"
}

@manual{docker,
   organization="Aula de Software Libre de la Universidad de Córdoba",
   title="Taller de Docker",
   year="2018",
   url="https://aulasoftwarelibre.github.io/taller-de-docker/"
}

@manual{azure,
   organization="Microsoft Azure",
   title="Máquinas virtuales Linux",
   year="2018",
   url="https://docs.microsoft.com/es-es/azure/virtual-machines/linux/"

}
